@String{j-Zpravodaj     = "Zpravodaj \CSTUG{}"}
@ARTICLE{tex:vrabcova2022,
  author={Tereza Vrabcová},
  title={{Digitální archivace Zpravodaje \CSTUG u}},
  journal=j-Zpravodaj,
  number="1",
  volume=32,
  year=2022,
  pages={\mbox{11--17}},
  doi={10.5300/2022-1-4/11},
  langid = {czech},
}

@online{tex:Zpravodaj,
  publisher={Československé sdružení uživatelů \TeX u},
  url={https://www.dml.cz/handle/10338.dmlcz/148724},
  key={Československé sdružení uživatelů TeXu},
  title=j-Zpravodaj,
  year={1991--2023},
}

@online{tex:NovotnyVH2021,
  author={Vít Novotný},
  url={https://www.cstug.cz/informace/zpravy/2021-02-06-valne-shromazdeni-2020/files/novotny-konverze-2021-03-06.pdf},
  title={Konverze Zpravodaje \CSTUG u pro Českou
digitální matematickou knihovnu (DML-CZ)
Co, proč a jak?},
  year=2021,
  month=Mar,
  day=6,
}
