
@online{pres,
    author = "Christopher Park and Emily Park",
    title = "Musical composition typesetting",
    url = "https://youtu.be/bwbk2xiMLSg",
    date = {2022-07-24},
    urldate = {2022-11-12},
}

@online{musixtexdoc,
    author = "Oliver Vogel and others",
    title = "Musix\TeX",
    subtitle = "Using \TeX{} to write polyphonic or instrumental music",
    % url = "https://ctan.org/pkg/musixtex",
    version = "1.35",
    date = {2021-08-29},
    urldate = {2022-11-21},
    note = {Dostupné z Package documentation na \url{https://ctan.org/pkg/musixtex}}
}

@online{mtxdoc,
    author = "Dirk Laurie",
    title = "M-Tx",
    subtitle = "Music from Text",
    % url = "https://ctan.org/pkg/m-tx",
    version = "0.63c",
    date = {2019-01-15},
    urldate = {2022-11-21},
    note = {Dostupné z Package documentation na \url{https://ctan.org/pkg/m-tx}}
}

@online{pmxdoc,
    author = "Don Simons",
    title = "PMX",
    subtitle = "a Preprocessor for MusiX\TeX",
    % url = "https://ctan.org/pkg/pmx",
    version = "2.98",
    date = {2022-02-04},
    urldate = {2022-11-22},
    note = {Dostupné z Package manual na \url{https://ctan.org/pkg/pmx}}
}

@online{pmxtutorial,
    author = "Cornelius C. Noack",
    title = "Typesetting music with PMX",
    version = "2.821",
    date = "2013-05",
    urldate = {2023-03-13},
    url = "http://icking-music-archive.org/software/pmx/pmxccn.pdf"
}

@online{muse8yearsago,
    author = "Isaac Weiss and Marc Sabatella",
    title = "Export Selection File menu option",
    url = "https://musescore.org/en/node/42336",
    date = {2014-12-26},
    note = "Feature request",
    urldate = {2022-11-21},
}

@online{history,
    author = "Victoria Williams",
    title = "The Evolution of Music Notation",
    url = "https://www.mymusictheory.com/reference/345-the-evolution-of-music-notation/",
    urldate = {2022-11-21}
}

@online{finalily,
    author = "Andrew Hawryluk",
    title = "Finale and LilyPond",
    url = "http://www.musicbyandrew.ca/finale-lilypond-2.html",
    date = {2014-06-12},
    urldate = {2022-11-22}
}

@online{history2,
    author = "Jim Paterson",
    title = "A Short History of Musical Notation",
    url = "https://www.mfiles.co.uk/music-notation-history.htm",
    urldate = {2023-03-08}
}

@online{flatio,
    author = {{Tutteo Limited}},
    title = "Flat",
    subtitle = "Number of measures per system and notes spacing",
    url = "https://flat.io/help/en/music-notation-software/layout-measures",
    urldate = {2023-03-13}
}

@online{wima,
    title = "MusiX\TeX{} and related software",
    subtitle = "Introduction",
    url = "https://www.icking-music-archive.org/software/htdocs/Introduction.html",
    urldate = {2023-03-13}
}

@online{lily-frontend,
    title = "Front-end Applications",
    url = "https://lilypond.org/easier-editing.html",
    urldate = {2023-03-13},
    
}

@article{vysokourovnovejazyky,
  title = {Vysokoúrovňové jazyky pro \TeX},
  author = {Vít Novotný},
  year = {2022},
  journal = {Zpravodaj \CSTUG u},
  volume = {32},
  number = {1--4},
  pages = {35--48},
  doi = {10.5300/2022-1-4/35},
}

@book{doprovod-kanc,
    title = {Varhanní doprovod kancionálu},
    author = {Karel Cikrle},
    publisher = {ZVON},
    year = {1992},
    address = {Praha},
    isbn = {80-7113-057-5}
    
}