@online{1,
  author = {Donald Arseneau},
  title = {\soub{truncate.sty}},
  subtitle = {Truncate text to a specified width},
  publisher = {{CTAN}},
  note = {Verze 3.6},
  year = {2001},
  url = {https://ctan.org/pkg/truncate},
  urldate = {2011-12},
}

@online{2,
  author = {Donald Arseneau},
  title = {Re: How to limit/cut off text after a number of lines?},
  date = {2008-07-16},
  publisher = {\ctt\ newsgroup},
}

@book{knuthcas,
  author = {Knuth, Donald E.},
  series = {Computers \& Typesetting},
  publisher = {{Addison\discretionary{-}{-}{-}Wesley}},
  location = {Reading, MA},
  options = {dataonly},
}

@book{tb,
  crossref = {knuthcas},
  volume = {A},
  title = {The \TeX book},
  year = {1984},
  pagetotal = {x+483},
  note = {V~současnosti jsou dostupné 35.~výtisk (měkká vazba, 2017)
    a 23.~výtisk (pevná vazba, 2021).},
}

@online{3,
  author = {Will Robertson},
  title = {Re: How to limit/cut off text after a number of lines?},
  date = {2008-07-16},
  publisher = {\ctt\ newsgroup},
}

@article{GLISTER14,
  author = {Peter Wilson},
  title = {Glisterings},
  journal = {TUGboat},
  volume = {32},
  number = {3},
  pages = {339-341},
  year = {2011},
  url = {https://tug.org/TUGboat/tb32-3/tb102glister.pdf},
  urldate = {2011-12},
}
