@online{hannabarbera2023huckleberry,
  title = {Check out this transparent Huckleberry Hound hello PNG image},
  urldate = {2023-02-22},
  url = {https://cartoongoodies.com/png_images/huckleberry-hound-hello/},
}

@book{capek1933dasenka,
  title = {Dášeňka čili život štěněte},
  author = {Čapek, Karel},
  edition = {1},
  publisher = {Fr. Borový},
  year = {1933},
  place = {Praha},
}

@book{capek1972povidani,
  title = {Povídání o pejskovi a kočičce},
  subtitle = {jak spolu hospodařili a ještě o všelijakých jiných věcech},
  author = {Čapek, Josef},
  edition = {13},
  publisher = {Albatros},
  year = {1972},
  place = {Praha},
}

@online{gogen2023gogen,
  title = {GoGEN Maxipes Fík},
  subtitle = {Česká značka elektroniky pro děti},
  url = {https://www.gogen.cz/gogen-maxipes-fik/},
  urldate = {2023-02-22},
}

@inbook{knuth1997digital,
  author = {Knuth, Donald},
  year = {1997},
  title = {6.3: Digital Searching},
  booktitle = {The Art of Computer Programming Volume 3: Sorting and Searching},
  edition = {2},
  publisher = {Addison-Wesley},
  pages = {492},
  isbn = {0-201-89685-0},
}

@article{katz1987estimation,
  author = {Katz, S. M.},
  year = {1987},
  title = {Estimation of probabilities from sparse data for the language model component of a speech recognizer},
  journal = {{IEEE} Transactions on Acoustics, Speech, and Signal Processing},
  volume = {35},
  number = {3},
  pages = {400-401},
}

@book{press2007numerical,
  title = {Numerical Recipes 3rd Edition: The Art of Scientific Computing},
  author = {Press, W.H. and Teukolsky, S.A. and Vetterling, W.T. and Flannery, B.P.},
  edition = {3},
  isbn = {978-0-521-88068-8},
  year = {2007},
  publisher = {Cambridge University Press},
}

@article{l1999tables,
  title = {Tables of linear congruential generators of different sizes and good lattice structure},
  author = {L'ecuyer, Pierre},
  journal = {Mathematics of Computation},
  volume = {68},
  number = {225},
  pages = {249--260},
  year = {1999},
}

@book{ierusalimschy2016lua,
  author = {Roberto Ierusalimschy},
  title = {Programming in Lua},
  edition = {4},
  isbn = {978-8590379867},
  date = {2016-08-01},
  publisher = {Lua.org},
}

@online{ierusalimschy2020lua,
  author = {Roberto Ierusalimschy and de Figueiredo, Luiz Henrique and Waldemar Celes},
  title = {Lua 5.3 Reference Manual},
  date = {2020-07-14},
  url = {https://www.lua.org/manual/5.3/manual.html},
  urldate = {2023-03-10},
}

@online{latex2023interfaces,
  title = {The \LaTeX3 Interfaces},
  author = {{The \LaTeX{} Project}},
  date = {2023-03-30},
  publisher = {{CTAN}},
  url = {http://mirrors.ctan.org/macros/latex/contrib/l3kernel/interface3.pdf},
  urldate = {2023-04-09},
}

@article{rabin1959finite,
  title = {Finite automata and their decision problems},
  author = {Rabin, Michael O and Scott, Dana},
  journal = {IBM J. Res. Dev},
  volume = {3},
  number = {2},
  pages = {114--125},
  year = {1959},
  publisher = {IBM},
}

@book{manning2008introduction,
  author = {Christopher D. Manning and Prabhakar Raghavan and Hinrich Schütze},
  title = {Introduction to Information Retrieval},
  publisher = {Cambridge University Press},
  year = 2008,
  isbn = {0521865719},
  url = {https://nlp.stanford.edu/IR-book/},
}

@inproceedings{novotny2020cthulhu,
  booktitle = {Recent Advances in Slavonic Natural Language Processing},
  year = {2020},
  editor = {Horák, Aleš and Rychlý, Pavel and Rambousek, Adam},
  isbn = {978-80-263-1600-8},
  issn = {2336-4289},
  author = {Novotný, Vít and Stará, Marie},
  title = {Cthulhu Hails from Wales},
  subtitle = {$N$-gram Frequency Analysis of R'lyehian},
  url = {https://nlp.fi.muni.cz/raslan/2020/paper12.pdf},
  publisher = {Tribun {EU}},
}

@online{creativeblogger2017pokemon,
  author = {creativeblogger},
  title = {Pokémon in Translation},
  subtitle = {Where Do Their Names Come From?},
  date = {2017-08-11},
  url = {https://creativetranslation.com/blog-pokemon-names-in-translation/},
  urldate = {2023-04-17},
}

@book{hooker2012welsh,
  author = {Hooker, Mark T.},
  title = {Tolkien and Welsh (Tolkien a Chymraeg)},
  subtitle = {Essays on J.\,R.\,R.\,Tolkien's Use of Welsh in his Legendarium},
  date = {2012-06-26},
  isbn = {978-1477667736},
  edition = {1},
  publisher = {Llyfrawr},
}

@online{luatex2023luatex,
  title = {Lua\TeX{} Reference Manual},
  author = {{Lua\TeX{} development team}},
  date = {2023-04-06},
  note = {Verze~1.16},
  url = {https://ctan.org/pkg/luatex},
  urldate = {2023-04-17},
  publisher = {{CTAN}},
}

@online{novotny2023napadovnik,
  title = {Nápadovník jmen postav pro tvůrčí psaní v Lua\TeX u},
  subtitle = {Release The latest version},
  date = {2023-05-03},
  author = {Vít Novotný},
  publisher = {GitHub},
  url = {https://github.com/witiko/character-name-generator-for-creative-writing-in-luatex/releases/tag/latest},
  urldate = {2023-05-03},
}

@online{vrabcova2023model,
  title = {Model pro automatické skloňování českých jmen v Lua\TeX u},
  subtitle = {Release The latest version},
  date = {2023-05-03},
  author = {Tereza Vrabcová},
  publisher = {GitHub},
  url = {https://github.com/xvrabcov/declension_names/releases/tag/latest},
  urldate = {2023-05-03},
}

@article{sojka2019unreasonable,
  title = {The Unreasonable Effectiveness of Pattern Generation},
  author = {Sojka, Petr and Sojka, Ondřej},
  journal = {Zpravodaj \CSTUG u},
  issn = {1211-6661},
  year = {2019},
  volume = {29},
  number = {1--4},
  doi = {10.5300/2019-1-4/73},
  pages = {73-86},
}

@article{sojka2020towards,
  title = {Towards New Czechoslovak Hyphenation Patterns},
  author = {Sojka, Petr and Sojka, Ondřej},
  journal = {Zpravodaj \CSTUG u},
  issn = {1211-6661},
  year = {2020},
  volume = {30},
  number = {3--4},
  doi = {10.5300/2020-3-4/118},
  pages = {118-126},
}