@online{TikZBricks,
    author    = "Sam Carter",
    title     = "TikZbricks",
    date      = "2022-07-23",
    url       = "https://tug.org/tug2022/assets/served/samcarter-TUG2022-samcarter-bricks-bricks.pdf",
    urldate   = "2023-02-13",
    publisher = "TUG",
    keywords  = "samcarter, TikZBricks, presentation",
}

@online{Jigsaw,
    author    = "Sam Carter",
    title     = "The jigsaw package",
    date      = "2022-07-23",
    url       = "https://tug.org/tug2022/assets/served/samcarter-TUG2022-samcarter-bricks-jigsaw.pdf",
    urldate   = "2023-02-13",
    publisher = "TUG",
    keywords  = "samcarter, Jigsaw, presentation",
}

@online{TikZbricksCTAN,
    author    = "Sam Carter",
    title     = "TikZbricks",
%   subtitle  = "Drawing bricks with TikZ",
    date      = "2022-07-21",
    url       = "https://ctan.org/pkg/tikzbricks",
    urldate   = "2022-11-23",
    publisher = "CTAN",
    keywords  = "CTAN, TikZbricks",
}

@online{JigsawCTAN,
    author    = "Sam Carter",
    title     = "jigsaw",
%   subtitle  = "Draw jigsaw pieces with TikZ",
    date      = "2022-07-18",
    url       = "https://ctan.org/pkg/jigsaw",
    urldate   = "2022-11-23",
    publisher = "CTAN",
    keywords  = "CTAN, Jigsaw",
}

@online{video,
    author    = "Sam Carter",
    title     = "Bricks and jigsaw pieces",
    date      = "2022-08-29",
    url       = "https://youtu.be/rplZ4zZ2IuE",
    urldate   = "2022-11-23",
    publisher = "YouTube",
    keywords  = "CTAN, TikZbricks,video,TUG2022",
}

@online{img2bricks,
    author    = "Scott Pakin",
    title     = "img2bricks ",
    date      = "2021-09-12",
    url       = "https://github.com/samcarter/TikZbricks/blob/main/img2bricks",
    urldate   = "2023-04-30",
%   publisher = "GitHub",
    keywords  = "TikZbricks, img2bricks",
}